@article{werner2017non,
  title={Non-thermal particle acceleration in collisionless relativistic electron--proton reconnection},
  author={Werner, GR and Uzdensky, DA and Begelman, MC and Cerutti, B and Nalewajko, K},
  journal={Monthly Notices of the Royal Astronomical Society},
  volume={473},
  number={4},
  pages={4840--4861},
  year={2017},
  publisher={Oxford University Press}
}

